=LDR  01924 am a22004937a 4500
=001  007627189
=003  Uk
=005  20050404151802.0
=006  m\\\\|\\\d\|\\\\\\
=007  cr||n\|||a||||
=008  040423s2004\\\\enk|||||s||||\00||0\swa\\
=FMT  \\$a  BK
=020  \\$z1902059297
=040  \\$aUk$beng$cUk
=245  00$aKuishi katika ile kweli$h[electronic resource] :$bmwenendo wa kufaa kwa maisha yangu katika Kristo = Living the truth : practical principles for my life in Christ /.
=260  \\$aNorthampton :$bCBM Publishing,$c[2004].
=336  \\$atext$2rdacontent
=337  \\$acomputer$2rdamedia
=338  \\$aonline resource$2rdacarrier
=538  \\$aMode of access: World Wide Web.
=538  \\$aSystem requirements: IBM compatible PC; Windows; Adobe Acrobat Reader.
=546  \\$aIn Swahili.
=500  \\$aTitle from p.1 of PDF file.
=516  \\$aPDF format. Also issued in ASCII amd Word 97 formats.
=500  \\$aAlso issued in English translation.
=630  00$aBible.$pNew Testament$vQuotations.
=650  \0$aChristian life$xQuotations, maxims, etc.
=856  40$uhttp://www.bedford-ecclesia.org.uk/swahili/files/pdf/Living%20the%20Truth.pdf
=856  40$ahttp://www.bedford-ecclesia.org.uk/swahili/files/english/Living%20the%20Truth.doc
=957  \\$r22/3/04
=985  \\$aRecord amended for WR# 13/070
=AQN  \\$aVOLUNTARY DEPOSIT
=CAT  \\$aCONV$b00$c20040425$lBLL90$h0920
=CAT  \\$aCONV$b00$c20040502$lBLL01$h1225
=CAT  \\$a8141$b40$c20050404$lBLL01$h1353
=CAT  \\$a8141$b40$c20050404$lBLL01$h1518
=CAT  \\$aBATCH$b00$c20091208$lBLL01$h0208
=CAT  \\$aWR13_070$b00$c20130504$lBLL01$h0148
=CAT  \\$aW1711-1225$c20171203$lBLL01$h1018
=FIN  \\$aY$d20050404
=LDO  \\$aLDO$bebk
=SRC  \\$aLDS01$bbiblm.200404.2.aa
=STA  \\$aSUPPRESSED$bunable to determine reason for suppression
=LAS  \\$aW1711-1225$b00$c20171203$lBLL01$h1018

