=LDR  01923 am a2200529 a 4500
=001  013646286
=003  Uk
=005  20110704143800.0
=006  m\\\\|\\\d\|\\\\\\
=007  cr||||||||||||
=008  070117s2006\\\\stk||||\s||||o00|\0\eng\\
=015  \\$aGBA715350$2bnb
=020  \\$a0755963288 :$cNo price
=040  \\$aUk$beng$cUk
=042  \\$aukblsr
=082  04$a362.709411$222
=245  00$aExtended schools childcare pilot$h[electronic resource] :$bfinal report.
=260  \\$a[Edinburgh] :$bScottish Executive Social Research,$c2006.
=336  \\$atext$2rdacontent
=337  \\$acomputer$2rdamedia
=338  \\$aonline resource$2rdacarrier
=500  \\$aTitle from PDF title page (viewed on 23 Feb., 2007).
=516  \\$aPDF format.
=538  \\$aMode of access: World Wide Web.
=538  \\$aSystem requirements: Adobe Acrobat Reader.
=650  \0$aChild care$zScotland.
=650  \0$aSingle-parent families$zScotland.
=650  \0$aSingle parents$xServices for$zScotland.
=710  1\$aScotland.$bSocial Research.
=710  2\$aYork Consulting (Firm)
=856  40$uhttp://www.scotland.gov.uk/Resource/Doc/155000/0041653.pdf
=856  40$ahttp://www.scotland.gov.uk/Publications/2006/11/17135806/0
=CAT  \\$a7750$b40$c20070117$lBLL01$h0914
=CAT  \\$a7750$b40$c20070117$lBLL01$h0915
=CAT  \\$a7750$b40$c20070117$lBLL01$h0916
=CAT  \\$a8141$b40$c20070223$lBLL01$h1149
=CAT  \\$a8141$b40$c20070223$lBLL01$h1203
=CAT  \\$a11249$b40$c20070404$lBLL01$h1045
=CAT  \\$a11279$b40$c20070410$lBLL01$h1441
=CAT  \\$a11279$b40$c20070510$lBLL01$h1204
=CAT  \\$a6537$b40$c20110704$lBLL01$h1438
=CAT  \\$aBATCH-UPD$b40$c20150509$lBLL01$h1530
=CAT  \\$aW1711-1225$c20171203$lBLL01$h1025
=FIN  \\$aY$d20070223
=FMT  \\$a  BK
=LAS  \\$aW1711-1225$b00$c20171203$lBLL01$h1025
=STA  \\$aSUPPRESSED$bunable to determine reason for suppression

