=LDR  01944 am a2200505 a 4500
=001  013648715
=003  Uk
=005  20070212144020.0
=006  m\\\\\\\\d\|\\\\\\
=007  cr||||||||||||
=008  070122s2006\\\\stk||||\s||||o00|\0\eng\\
=015  \\$aGBA709622$2bnb
=020  \\$a075596358X :$cNo price
=040  \\$aUk$beng$cUk
=042  \\$aukblsr
=082  04$a363.09411$222
=100  1\$aGiven, Lisa.
=245  10$aScottish social attitudes survey 2005$h[electronic resource] :$bScottish Executive core module : report 1, attitudes towards public services in Scotland /$cLisa Given and Rachel Ormston.
=246  30$aAttitudes towards public services in Scotland
=260  \\$aEdinburgh :$bScottish Executive,$c2006.
=336  \\$atext$2rdacontent
=337  \\$acomputer$2rdamedia
=338  \\$aonline resource$2rdacarrier
=500  \\$aTitle from PDF title page (viewed on 6 Feb., 2007).
=516  \\$aPDF format.
=538  \\$aMode of access: World Wide Web.
=538  \\$aSystem requirements: Adobe Acrobat Reader.
=650  \0$aMunicipal services$zScotland$xPublic opinion.
=650  \0$aPublic utilities$zScotland$xPublic opinion.
=700  1\$aOrmston, Rachel.
=710  1\$aScotland.$bOffice of the Chief Researcher.
=710  1\$aScotland.$bSocial Research.
=856  40$uhttp://www.scotland.gov.uk/Resource/Doc/159319/0043354.pdf
=856  40$ahttp://www.scotland.gov.uk/Publications/2006/12/05122129/1
=CAT  \\$a7750$b40$c20070122$lBLL01$h1157
=CAT  \\$a7750$b40$c20070122$lBLL01$h1158
=CAT  \\$a8141$b40$c20070206$lBLL01$h1658
=CAT  \\$a8141$b40$c20070212$lBLL01$h1116
=CAT  \\$a8141$b40$c20070212$lBLL01$h1440
=CAT  \\$aBATCH-UPD$b40$c20150509$lBLL01$h1530
=CAT  \\$aW1711-1225$c20171203$lBLL01$h1025
=FIN  \\$aY$d20070206
=FMT  \\$a  BK
=LAS  \\$aW1711-1225$b00$c20171203$lBLL01$h1025
=STA  \\$aSUPPRESSED$bunable to determine reason for suppression

