=LDR  01741 am a2200457 a 4500
=001  013729942
=003  Uk
=005  20070531150437.0
=006  m\\\\|\\\d\|\\\\\\
=007  cr||||||||||||
=008  070424s2003\\\\enk||||\s||||o00|\0\eng\\
=015  \\$aGBA742267$2bnb
=020  \\$a1852614889 (print) :$cNo price
=040  \\$aUk$beng$cUk
=042  \\$aukblsr
=082  04$a363.12209421090511$222
=245  03$aAn accident waiting to happen?$h[electronic resource] :$ba transport committee investigation into the Chancery Lane derailment.
=260  \\$aLondon :$bGreater London Authority,$c2003.
=336  \\$atext$2rdacontent
=337  \\$acomputer$2rdamedia
=338  \\$aonline resource$2rdacarrier
=500  \\$aTitle from PDF title page (viewed on 31 May, 2007).
=500  \\$a"June 2003."
=516  \\$aPDF format.
=530  \\$aAlso in RTF format; also issued in print format.
=538  \\$aMode of access: World Wide Web.
=538  \\$aSystem requirements: Adobe Acrobat Reader.
=650  \0$aRailroad accidents$zEngland$zLondon.
=650  \0$aRailroad accidents$xInvestigation$zEngland$zLondon.
=710  2\$aLondon Assembly.$bTransport Committee.
=710  2\$aGreater London Authority.
=856  40$uhttp://www.london.gov.uk/assembly/reports/transport/chancery_lane.pdf
=856  40$ahttp://www.london.gov.uk/assembly/reports/transport/chancery_lane.rtf
=CAT  \\$a6524$b40$c20070424$lBLL01$h1527
=CAT  \\$a6524$b40$c20070424$lBLL01$h1528
=CAT  \\$a8141$b40$c20070531$lBLL01$h1504
=CAT  \\$aW1711-1225$c20171203$lBLL01$h1026
=FIN  \\$aY$d20070531
=FMT  \\$a  BK
=LAS  \\$aW1711-1225$b00$c20171203$lBLL01$h1026
=STA  \\$aSUPPRESSED$bunable to determine reason for suppression

