=LDR  01654 am a2200433 a 4500
=001  013757860
=003  Uk
=005  20200929094522.0
=006  m\\\\|\\\d\|\\\\\\
=007  cr||||||||||||
=008  070531s2005\\\\enk||||\s||||\00|\f\eng\\
=015  \\$aGBA742295$2bnb
=020  \\$cNo price
=040  \\$aUk$beng$cUk
=042  \\$aukblsr
=082  04$a823.92$222
=100  1\$aMedici, Margaret.
=245  14$aThe rose queen$h[electronic resource] :$bthe story of how Queen Amber learns to manage her kingdom with the help of King Corpulent - for readers aged 7 and over /$cMargaret Medici.
=260  \\$a[Stevenage] :$bTelltale,$c2005.
=336  \\$atext$2rdacontent
=337  \\$acomputer$2rdamedia
=338  \\$aonline resource$2rdacarrier
=500  \\$aTitle from PDF cover (viewed on 1 June, 2007).
=516  \\$aPDF format.
=538  \\$aMode of access: World Wide Web.
=538  \\$aSystem requirements: Adobe Acrobat Reader.
=856  40$uhttp://home.btconnect.com/telltale/sitebuildercontent/sitebuilderfiles/therosequeen10.pdf
=856  40$ahttp://home.btconnect.com/telltale/sitebuildercontent/sitebuilderfiles/therosequeen16.pdf
=CAT  \\$a10902$b40$c20070531$lBLL01$h1107
=CAT  \\$a10902$b40$c20070531$lBLL01$h1108
=CAT  \\$a8141$b40$c20070601$lBLL01$h0918
=CAT  \\$a8141$b40$c20070724$lBLL01$h0948
=CAT  \\$aWR15_124$c20150910$lBLL01$h1606
=CAT  \\$aW1711-1225$c20171203$lBLL01$h1026
=CAT  \\$aW2009-1940$c20200929$lBLL01$h0945
=FIN  \\$aY$d20070601
=FMT  \\$a  BK
=LAS  \\$aW2009-1940$b00$c20200929$lBLL01$h0945
=STA  \\$aSUPPRESSED$bunable to determine reason for suppression

