=LDR  01511 am a2200421 a 4500
=001  013757883
=003  Uk
=005  20070601104802.0
=006  m\\\\|\\\d\|\\\\\\
=007  cr||||||||||||
=008  070531s2005\\\\enk||||\s||||\00|\f\eng\\
=015  \\$aGBA742298$2bnb
=020  \\$cNo price
=040  \\$aUk$beng$cUk
=042  \\$aukblsr
=082  04$a823.92$222
=100  1\$aMedici, Margaret.
=245  10$aDeath wish$h[electronic resource] :$ba black comedy - for older readers /$cMargaret Medici.
=260  \\$a[Stevenage] :$bTelltale,$c2005.
=336  \\$atext$2rdacontent
=337  \\$acomputer$2rdamedia
=338  \\$aonline resource$2rdacarrier
=500  \\$aTitle from PDF cover (viewed on 1 June, 2007).
=516  \\$aPDF format.
=538  \\$aMode of access: World Wide Web.
=538  \\$aSystem requirements: Adobe Acrobat Reader.
=856  40$uhttp://home.btconnect.com/telltale/sitebuildercontent/sitebuilderfiles/deathwish.pdf
=856  40$ahttp://home.btconnect.com/telltale/sitebuildercontent/sitebuilderfiles/deathwish16.pdf
=CAT  \\$a10902$b40$c20070531$lBLL01$h1123
=CAT  \\$a8141$b40$c20070601$lBLL01$h0946
=CAT  \\$a8141$b40$c20070601$lBLL01$h1048
=CAT  \\$aBATCH-UPD$b40$c20150509$lBLL01$h1620
=CAT  \\$aWR15_124$c20150910$lBLL01$h1606
=CAT  \\$aW1711-1225$c20171203$lBLL01$h1026
=FIN  \\$aY$d20070601
=FMT  \\$a  BK
=LAS  \\$aW1711-1225$b00$c20171203$lBLL01$h1026
=STA  \\$aSUPPRESSED$bunable to determine reason for suppression

