=LDR  01734 am a2200433 a 4500
=001  015375210
=003  Uk
=005  20091215144605.0
=006  m\\\\|\\\d\|\\\\\\
=007  cr||||||||||||
=008  090922s2009\\\\enk||||\s\\\\\000\0\eng\\
=015  \\$aGBA9C4668$2bnb
=040  \\$aUk$beng$cUk
=042  \\$aukblsr
=082  04$a323.0962090511$222
=245  00$aEgypt : submission to the UN universal periodic review$h[electronic resource] :$bseventh session of the UPR Working Group of the Human Rights Council, February 2010.
=260  \\$aLondon :$bAmnesty International,$c2009.
=300  \\$a11 p. :$bdigital, PDF file.
=336  \\$atext$2rdacontent
=337  \\$acomputer$2rdamedia
=338  \\$aonline resource$2rdacarrier
=500  \\$aTitle from PDF title page (viewed on 15 Dec., 2009).
=500  \\$a"1 September 2009."
=500  \\$aPublisher's ref. no.: MDE 12/008/2009.
=530  \\$aAlso issued in HTML format.
=538  \\$aMode of access: World Wide Web.
=538  \\$aSystem requirements: Adobe Acrobat Reader.
=650  \0$aHuman rights$zEgypt.
=710  2\$aAmnesty International.
=856  40$uhttp://www.amnesty.org/en/library/asset/MDE12/008/2009/en/81660455-be5a-4f76-8e48-1e5e977a3971/mde120082009eng.pdf
=856  40$ahttp://www.amnesty.org/en/library/asset/MDE12/008/2009/en/d6e5755c-ba00-43e7-ada8-e59badac06e1/mde120082009eng.html
=CAT  \\$a10983$b40$c20090922$lBLL01$h1140
=CAT  \\$a10983$b40$c20090922$lBLL01$h1142
=CAT  \\$a8141$b40$c20091215$lBLL01$h1446
=CAT  \\$aW1711-1225$c20171203$lBLL01$h1034
=FIN  \\$aY$d20091215
=FMT  \\$a  BK
=LAS  \\$aW1711-1225$b00$c20171203$lBLL01$h1034
=STA  \\$aSUPPRESSED$bunable to determine reason for suppression

