=LDR  01973 am a2200517 a 4500
=001  015593530
=003  Uk
=005  20120130115844.0
=006  m\\\\|\\\d\|\\\\\\
=007  cr||||||||||||
=008  100706s2010\\\\enk\\\\\ob\\\|000\0\eng\\
=015  \\$aGBB208568$2bnb
=020  \\$z9781906792497 (print)
=040  \\$aUk$beng$cUk
=042  \\$aukblsr
=082  04$a362.760941$223
=100  1\$aAtkinson, Mary,$d1954-
=245  10$aSafeguarding post-Laming$h[electronic resource] :$binitial scoping study /$cMary Atkinson.
=260  \\$aSlough :$bNFER,$c2010.
=300  \\$a1 online resource (18 p.).
=336  \\$atext$2rdacontent
=337  \\$acomputer$2rdamedia
=338  \\$aonline resource$2rdacarrier
=490  0\$aLGA research report
=500  \\$aTitle from PDF title page (viewed on Jan. 30, 2012).
=500  \\$a"Local Government Education and Children's Services Research Programme."
=504  \\$aIncludes bibliographical references.
=530  \\$aAlso issued in print format.
=650  \0$aChild welfare$zGreat Britain$xResearch.
=650  \0$aChild welfare$xGovernment policy$zGreat Britain$xResearch.
=650  \0$aChild abuse$zGreat Britain$xPrevention$xResearch.
=690  7\$aSocial Welfare$2blcoll
=710  2\$aLocal Government Association (England and Wales)
=710  2\$aNational Foundation for Educational Research in England and Wales.
=856  40$uhttp://www.lga.gov.uk/lga/aio/10626631
=856  40$ahttp://www.nfer.ac.uk/nfer/publications/LGM01/LGM01.pdf
=CAT  \\$a10983$b40$c20100706$lBLL01$h1032
=CAT  \\$a10983$b40$c20100706$lBLL01$h1033
=CAT  \\$a8141$b40$c20120130$lBLL01$h1158
=CAT  \\$aBATCH-UPD$b40$c20150509$lBLL01$h1812
=CAT  \\$aBATCH-UPD$b40$c20150805$lBLL01$h2027
=CAT  \\$aW1711-1225$c20171203$lBLL01$h1038
=FIN  \\$aY$d20120130
=FMT  \\$a  BK
=LAS  \\$aW1711-1225$b00$c20171203$lBLL01$h1038
=STA  \\$aSUPPRESSED$bunable to determine reason for suppression

