=LDR  02446 am a2200577 a 4500
=001  015593702
=003  Uk
=005  20120201084716.0
=006  m\\\\|\\\d\|\\\\\\
=007  cr||||||||||||
=008  100706s2010\\\\enk\\\\\ob\\\|000\0\eng\\
=015  \\$aGBB210596$2bnb
=020  \\$z9781906792473 (print)
=040  \\$aUk$beng$cUk
=042  \\$aukblsr
=082  04$a362.70942$223
=100  1\$aSouthcott, Clare.
=245  10$aSupporting local authorities to develop their research capacity$h[electronic resource] :$bfinal report for the LGA and LARC /$cClare Southcott, Claire Easton.
=260  \\$aSlough :$bNFER,$c2010.
=300  \\$a1 online resource (15 p.).
=336  \\$atext$2rdacontent
=337  \\$acomputer$2rdamedia
=338  \\$aonline resource$2rdacarrier
=490  0\$aLGA research report
=500  \\$aTitle from PDF title page (viewed on Feb. 1, 2012).
=500  \\$a"Local Government Education and Children's Services Research Programme." - PDF cover.
=504  \\$aIncludes bibliographical references.
=530  \\$aAlso issued in print format.
=650  \0$aChildren$xServices for$xResearch$zEngland.
=650  \0$aChildren$xServices for$xResearch$zWales.
=650  \0$aLocal government$xResearch$zEngland.
=650  \0$aLocal government$xResearch$zWales.
=650  \0$aLiteracy$xResearch$zEngland.
=650  \0$aLiteracy$xResearch$zWales.
=690  7\$aSocial Welfare$2blcoll
=700  1\$aEaston, Claire.
=710  2\$aNational Foundation for Educational Research in England and Wales.
=710  2\$aLocal Government Association (England and Wales)
=710  2\$aImprovement and Development Agency (Great Britain)
=856  40$uhttp://www.lga.gov.uk/lga/aio/10395774
=856  40$ahttp://www.nfer.ac.uk/nfer/publications/LAL01/LAL01.pdf
=CAT  \\$a10983$b40$c20100706$lBLL01$h1207
=CAT  \\$a10983$b40$c20100706$lBLL01$h1208
=CAT  \\$a8141$b40$c20120201$lBLL01$h0844
=CAT  \\$a8141$b40$c20120201$lBLL01$h0847
=CAT  \\$aW1711-1225$c20171203$lBLL01$h1038
=FIN  \\$aY$d20120201
=FMT  \\$a  BK
=LAS  \\$aW1711-1225$b00$c20171203$lBLL01$h1038
=LKR  \\$aPAR$b015597216$lBLL01$r776$mSupporting local authorities to develop their research capacity final report for the LGA and LARC /$nSupporting local authorities to develop their research capacity : final report for the LGA and LARC /
=STA  \\$aSUPPRESSED$bunable to determine reason for suppression

