=LDR  01972 am a2200505 a 4500
=001  015667010
=003  Uk
=005  20110721124247.0
=006  m||||||||d||||||||
=007  cr||||||||||||
=008  110621s2010\\\\enka\\\\o\\\\o000\0\eng|\
=015  \\$aGBB176496$2bnb
=020  \\$z9781847756152
=040  \\$aStDuBDS$beng$cStDuBDS
=042  \\$aukblsr
=082  04$a371.33580941$222
=245  00$aTeachers TV.$pAnnual review 2009$h[electronic resource] /$cBrainbox Research.
=260  \\$aLondon :$bDept. for Children, Schools and Families,$c2010.
=300  \\$a1 online resource (46 p.) :$bcol. ill.
=336  \\$atext$2rdacontent
=337  \\$acomputer$2rdamedia
=338  \\$aonline resource$2rdacarrier
=490  1\$aResearch report ;$vno. DCSF-RR188
=500  \\$aTitle from PDF title page (viewed on June 21, 2011).
=610  20$aTeachers TV (Television Channel)
=650  \0$aAudio-visual education$zGreat Britain.
=710  1\$aGreat Britain.$bDepartment for Children, Schools and Families.
=710  2\$aBrainbox Research (Firm)
=830  \0$aResearch report (Great Britain. Department for Children, Schools and Families) ;$vno. DCSF-RR188.
=856  \\$uhttp://publications.education.gov.uk/eOrderingDownload/DCSF-RR188.pdf
=856  \\$ahttps://www.education.gov.uk/publications/eOrderingDownload/DCSF-RR188.pdf
=985  \\$aNETCAT record
=985  \\$aRecord amended for WR# 13/070
=CAT  \\$a10983$b40$c20101011$lBLL01$h0801
=CAT  \\$a10983$b40$c20101011$lBLL01$h0803
=CAT  \\$aBATCH-SURR$b00$c20110624$lBLL01$h0023
=CAT  \\$a5100$b40$c20110721$lBLL01$h1242
=CAT  \\$aWR13_070$b00$c20130504$lBLL01$h0328
=CAT  \\$aWR13_070C$c20130611$lBLL01$h1857
=CAT  \\$aW1711-1225$c20171203$lBLL01$h1040
=FIN  \\$aY$d20110624
=FMT  \\$a  BK
=LAS  \\$aW1711-1225$b00$c20171203$lBLL01$h1040
=SRC  \\$aNETCAT$bbdsemedia.20110624
=STA  \\$aSUPPRESSED$bunable to determine reason for suppression

