=LDR  02203 am a2200529 a 4500
=001  015667329
=003  Uk
=005  20121023122004.0
=006  m\\\\||\\d\|\\\\\\
=007  cr\|||||||||||
=008  101011s2007\\\\enka\\\\ob\\\|000\0\eng\\
=015  \\$aGBB2A6700$2bnb
=040  \\$aUk$beng$cUk
=042  \\$aukblsr
=082  04$a362.5830942$223
=245  00$aNational evaluation of the Neighbourhood Nurseries Initiative$h[electronic resource] :$bimpact report /$cIvana La Valle ... [et al.].
=260  \\$a[Great Britain :$bDept. for Education],$c2007.
=300  \\$a1 online resource (108 p.) :$bill. (some col.).
=336  \\$atext$2rdacontent
=337  \\$acomputer$2rdamedia
=338  \\$aonline resource$2rdacarrier
=490  1\$aResearch report ;$vSSU/2007/FR/020
=500  \\$a"March 2007."
=504  \\$aIncludes bibliographical references.
=588  \\$aDescription based on online resource; title from PDF title page (viewed on Oct. 23, 2012).
=650  \0$aChild care services$xGovernment policy$zEngland$xEvaluation.
=650  \0$aLow-income parents$xEmployment$zEngland.
=650  \0$aLow-income parents$xServices for$zEngland.
=650  \0$aLow-income parents$zEngland$xAttitudes.
=690  7\$aSocial Welfare$2blcoll
=700  1\$aLa Valle, Ivana.
=710  1\$aGreat Britain.$bDepartment for Education.
=710  2\$aNational Centre for Social Research (Great Britain)
=710  2\$aSure Start (Programme)
=830  \0$aResearch report (Sure Start (Programme)) ;$vSSU/2007/FR/020.
=856  40$ahttps://www.education.gov.uk/publications/eOrderingDownload/SSU2007FR020%20-%20Impact%20report.pdf
=856  40$uhttp://www.natcen.ac.uk/pzMedia/uploads/Downloadable/41cc125a-6287-4166-a45c-4e943ce10cf0.pdf
=985  \\$aRecord amended for WR# 13/070
=CAT  \\$a10902$b40$c20101011$lBLL01$h1349
=CAT  \\$a10902$b40$c20101011$lBLL01$h1350
=CAT  \\$a8141$b40$c20121023$lBLL01$h1220
=CAT  \\$aWR13_070$b00$c20130504$lBLL01$h0328
=CAT  \\$aW1711-1225$c20171203$lBLL01$h1040
=FIN  \\$aY$d20121023
=FMT  \\$a  BK
=LAS  \\$aW1711-1225$b00$c20171203$lBLL01$h1040
=STA  \\$aSUPPRESSED$bunable to determine reason for suppression

