=LDR  01903 am a2200469 a 4500
=001  015717929
=003  Uk
=005  20110617135740.0
=006  m||||||||d||||||||
=007  cr||||||||||||
=008  110517s2006\\\\enk\\\\\o\\\\o000\0\eng|\
=015  \\$aGBB164107$2bnb
=040  \\$aStDuBDS$beng$cStDuBDS
=042  \\$aukblsr
=082  04$a636.089600942$222
=245  00$aAnimal health and welfare strategy$h[electronic resource] :$ba report to the EIG from the Surveillance Subgroup /$cEngland Implementation Group, Surveillance.
=260  \\$aLondon :$bDefra,$c2006.
=300  \\$a1 online resource (14 p.)
=336  \\$atext$2rdacontent
=337  \\$acomputer$2rdamedia
=338  \\$aonline resource$2rdacarrier
=500  \\$aTitle from PDF title page (viewed on May 17, 2011).
=650  \0$aLivestock$xDiseases$zEngland$xPrevention.
=710  1\$aGreat Britain.$bDepartment for Environment, Food & Rural Affairs.
=710  1\$aGreat Britain.$bEngland Implementation Group.$bSurveillance Subgroup.
=856  \\$uhttp://www.defra.gov.uk/foodfarm/policy/animalhealth/eig/pdf/eig-progress-report110110.pdf
=856  40$ahttp://archive.defra.gov.uk/foodfarm/policy/animalhealth/eig/pdf/eig-progress-report110110.pdf
=985  \\$aNETCAT record
=985  \\$aRecord amended for WR# 13/070
=CAT  \\$a10983$b40$c20101216$lBLL01$h1158
=CAT  \\$a10983$b40$c20101216$lBLL01$h1159
=CAT  \\$a10983$b40$c20101216$lBLL01$h1223
=CAT  \\$aBATCH-SURR$b00$c20110527$lBLL01$h0001
=CAT  \\$a5100$b40$c20110617$lBLL01$h1357
=CAT  \\$aWR13_070$b00$c20130504$lBLL01$h0329
=CAT  \\$aWR13_070C$c20130611$lBLL01$h1857
=CAT  \\$aW1711-1225$c20171203$lBLL01$h1041
=FIN  \\$aY$d20110526
=FMT  \\$a  BK
=LAS  \\$aW1711-1225$b00$c20171203$lBLL01$h1041
=SRC  \\$aNETCAT$bbdsemedia.20110526
=STA  \\$aSUPPRESSED$bunable to determine reason for suppression

