=LDR  01786 as a2200469 a 4500
=001  015818321
=003  Uk
=005  20140522095144.0
=006  m\\\\\\\\d\|\\\\\\
=007  cr||||||||||||
=008  110602c20109999enkuu\p\s\\\\o0\\\a0eng\\
=015  \\$aGBB166287$2bnb
=040  \\$aUk$beng$cUk
=042  \\$aukblsr
=082  04$a353.12340941$222
=110  1\$aGreat Britain.$bMinistry of Defence.
=245  10$aBusiness plan$h[electronic resource] /$cMinistry of Defence.
=260  \\$a[London] :$bMinistry of Defence,$c2010-
=336  \\$atext$2rdacontent
=337  \\$acomputer$2rdamedia
=338  \\$aonline resource$2rdacarrier
=362  0\$a2011/2015 (Nov. 2010)-
=500  \\$a"This plan will be refreshed annually".
=500  \\$aAccompanied on Number10.gov.uk Web site by PDF annexes for common areas of spend.
=538  \\$aMode of access: World Wide Web.
=538  \\$aSystem requirements: Adobe Acrobat Reader.
=588  \\$aTitle from PDF caption (email, sent 04/04/2011).
=588  \\$aLatest issue consulted: 2011/2015 (May 2011) (viewed June 2, 2011).
=610  10$aGreat Britain.$bMinistry of Defence$xPlanning$vPeriodicals.
=856  4\$uhttp://www.mod.uk/DefenceInternet/AboutDefence/CorporatePublications/BusinessPlans/
=856  4\$ahttp://www.number10.gov.uk/$zTo search
=985  \\$aOut of scope, May 22, 2014.
=CAT  \\$a5997$b40$c20110602$lBLL01$h1155
=CAT  \\$a5997$b40$c20110602$lBLL01$h1156
=CAT  \\$a8201$b40$c20140522$lBLL01$h0951
=CAT  \\$aW1711-1225$c20171203$lBLL01$h1043
=FIN  \\$aY$d20110602
=FMT  \\$a  SE
=LAS  \\$aW1711-1225$b00$c20171203$lBLL01$h1043
=LET  \0$aMOD business plans (Electronic)
=STA  \\$aSUPPRESSED$bunable to determine reason for suppression
=TCO  \\$aCLA$bCLA$c008

