=LDR  01801 am a2200457 a 4500
=001  016103833
=003  Uk
=005  20140307142604.0
=006  m\\\\|\\\d\|\\\\\\
=007  cr\|||||||||||
=008  121207s2007\\\\enka\\\\o\\\\o000\0\eng\d
=FMT  \\$a  BK
=015  \\$aGBB333348$2bnb
=040  \\$aIiNdDKA$beng$cIiNdDKA$dUk
=042  \\$aukblsr
=082  04$a355.411$223
=100  1\$aKillner, Paul.
=245  10$aACDS (Log Ops)$h[electronic resource] :$bguide to using the logistic coherence information architecture (LCIA) /$cprepared by Paul Killner, Harry Duncan.
=260  \\$a[London] :$bMinistry of Defence,$c2007.
=300  \\$a1 online resource (31 p.) :$bcol. ill.
=336  \\$atext$2rdacontent
=337  \\$acomputer$2rdamedia
=338  \\$aonline resource$2rdacarrier
=500  \\$aTitle from PDF title page (viewed on Dec. 7, 2012).
=500  \\$aPage 31 left blank.
=500  \\$a"Version: 1.0, Dated: 8 Nov 2007."
=650  \0$aLogistics.
=650  \0$aMilitary supplies.
=700  1\$aDuncan, Harry$c(Information analyst)
=710  1\$aGreat Britain.$bMinistry of Defence.
=856  40$uhttp://www.mod.uk/NR/rdonlyres/A9B528AF-9EC2-4E22-B568-A75268369614/0/LCIA_User_Guide_v1_0.pdf
=856  40$ahttp://webarchive.nationalarchives.gov.uk/20121026065214/http://www.mod.uk/NR/rdonlyres/A9B528AF-9EC2-4E22-B568-A75268369614/0/LCIA_User_Guide_v1_0.pdf
=985  \\$aNETCAT record
=CAT  \\$a10958$b40$c20120613$lBLL01$h0935
=CAT  \\$aBATCH-SURR$b00$c20130327$lBLL01$h1511
=CAT  \\$a8201$b40$c20140307$lBLL01$h1426
=CAT  \\$aW1711-1225$c20171203$lBLL01$h1048
=FIN  \\$aY$d20130327
=SRC  \\$aNETCAT$be2262.mrc.20130327
=STA  \\$aSUPPRESSED$bunable to determine reason for suppression
=LAS  \\$aW1711-1225$b00$c20171203$lBLL01$h1048

