=LDR  01815 am a2200469 a 4500
=001  016104922
=003  Uk
=005  20140307161927.0
=006  m\\\\|\\\d\|\\\\\\
=007  cr\|||||||||||
=008  121207s2009\\\\enk\\\\\ob\\\o000\0\eng\d
=FMT  \\$a  BK
=015  \\$aGBB333351$2bnb
=040  \\$aIiNdDKA$beng$cIiNdDKA$dUk
=042  \\$aukblsr
=043  \\$ae-uk---
=082  04$a355.033041$223
=100  1\$aArber, Tony.
=245  10$aHow much of a threat is immigration to United Kingdom national security at the beginning of the 21st century?$h[electronic resource] /$cTony Arber.
=260  \\$a[London] :$bRoyal College of Defence Studies,$c2009.
=300  \\$a1 online resource (33 p.).
=336  \\$atext$2rdacontent
=337  \\$acomputer$2rdamedia
=338  \\$aonline resource$2rdacarrier
=490  0\$aSeaford House paper ;$v2009
=500  \\$aTitle from PDF title page (viewed on Dec. 7, 2012).
=500  \\$a"July 2009."
=504  \\$aIncludes bibliographical references (p. 28-33).
=650  \0$aNational security$zGreat Britain.
=610  10$aGreat Britain$xEmigration and immigration.
=710  2\$aRoyal College of Defence Studies.
=856  40$uhttp://www.mod.uk/NR/rdonlyres/5A0CDB0B-9503-483F-89A7-E947C063E674/0/shp09arber.pdf
=856  40$ahttp://www.da.mod.uk/colleges/rcds/publications/seaford-house-papers/2009-seaford-house-papers/shp09arber.pdf/view
=985  \\$aNETCAT record
=CAT  \\$a10958$b40$c20120615$lBLL01$h1313
=CAT  \\$aBATCH-SURR$b00$c20130327$lBLL01$h1511
=CAT  \\$a8201$b40$c20140307$lBLL01$h1619
=CAT  \\$aW1711-1225$c20171203$lBLL01$h1048
=FIN  \\$aY$d20130327
=SRC  \\$aNETCAT$be2262.mrc.20130327
=STA  \\$aSUPPRESSED$bunable to determine reason for suppression
=LAS  \\$aW1711-1225$b00$c20171203$lBLL01$h1048

