=LDR  01880 am a2200469 i 4500
=001  016104975
=003  Uk
=005  20130125080202.0
=006  m\\\\||\\d\|\\\\\\
=007  cr\|||||||||||
=008  120615s2012\\\\enka\\\\ob\\\|0|0\0|eng\\
=FMT  \\$a  BK
=015  \\$aGBB306916$2bnb
=040  \\$aUk$beng$cUk$erda
=042  \\$aukblsr
=082  04$a664.09$223
=100  1\$aLord, A. W.,$eauthor.
=245  10$aScreening tests for visible and non-visible set off :$bfinal report /$cA W Lord [and five others].
=264  \1$a[London] :$b[Food Standards Agency],$cApril 2012.
=300  \\$a1 online resource (90 pages) :$billustrations (black and white, and colour)
=336  \\$atext$2rdacontent
=337  \\$acomputer$2rdamedia
=338  \\$aonline resource$2rdacarrier
=500  \\$aIncludes appendices.
=500  \\$aProject number : A03069 FS231076.
=504  \\$aIncludes bibliographical references.
=588  \\$aDescription based on online resource; title from PDF cover page (viewed on January 24, 2013).
=650  \0$aFood$xLabeling$xQuality control.
=650  \0$aPrinting ink$xTesting.
=650  \0$aFood$xPackaging$xQuality control.
=650  \0$aFood contamination$xPrevention.
=710  1\$aGreat Britain.$bFood Standards Agency,$epublisher.
=856  40$uhttp://www.foodbase.org.uk//admintools/reportdocuments/759-1-1297_FS231076__PART_1.pdf
=856  40$ahttp://www.foodbase.org.uk//admintools/reportdocuments/759-1-1298_FS231076__PART_2_-appendices-.pdf
=CAT  \\$a10983$b40$c20120615$lBLL01$h1357
=CAT  \\$a10983$b40$c20120615$lBLL01$h1403
=CAT  \\$a8141$b40$c20130124$lBLL01$h1404
=CAT  \\$a7332$b40$c20130125$lBLL01$h0802
=CAT  \\$aW1711-1225$c20171203$lBLL01$h1048
=FIN  \\$aY$d20130124
=STA  \\$aSUPPRESSED$bunable to determine reason for suppression
=LAS  \\$aW1711-1225$b00$c20171203$lBLL01$h1048

