=LDR  02170 am a2200481 a 4500
=001  013813227
=003  Uk
=005  20070917113547.0
=006  m\\\\|\\\d\|\\\\\\
=007  cr||||||||||||
=008  070810s2007\\\\enk||||\s||||o00|\0\eng\\
=015  \\$aGBA774236$2bnb
=020  \\$cNo price
=040  \\$aUk$beng$cUk
=042  \\$aukblsr
=082  04$a303.4830941$222
=245  00$aNanoscience and nanotechnologies$h[electronic resource] :$ba review of government's progress on its policy commitments : Annexes C-E.
=260  \\$a[London :$bDept. for Business, Enterprise and Regulatory Reform,$c2007]
=336  \\$atext$2rdacontent
=337  \\$acomputer$2rdamedia
=338  \\$aonline resource$2rdacarrier
=500  \\$aTitle from BERR website (Reports & Publications) (viewed on 17 Sept., 2007).
=500  \\$aPublisher's no.: URN 07/830AN.
=500  \\$a"Evidence, response to Royal Society and Royal Academy of Engineering report, and acronyms. See URN 07/830 for main review 'Nanoscience and nanotechologies: a review of government's progress on it's policy commitments' and annexes A and B." - BERR website (Reports & Publications).
=516  \\$aPDF format.
=538  \\$aMode of access: World Wide Web.
=538  \\$aSystem requirements: Adobe Acrobat Reader.
=650  \0$aNanoscience$xGovernment policy$zGreat Britain.
=650  \0$aNanotechnology$xGovernment policy$zGreat Britain.
=650  \0$aTechnology and state$zGreat Britain.
=710  1\$aGreat Britain.$bDepartment for Business, Enterprise and Regulatory Reform.
=856  40$uhttp://www.cst.gov.uk/cst/business/files/nano_review_evidence.pdf
=856  40$ahttp://www.cst.gov.uk/cst/business/files/nano_review_evidence.pdf
=985  \\$aRecord amended for WR# 13/070
=CAT  \\$a10902$b40$c20070810$lBLL01$h0857
=CAT  \\$a10902$b40$c20070810$lBLL01$h0858
=CAT  \\$a8141$b40$c20070917$lBLL01$h1135
=CAT  \\$aWR13_070$b00$c20130504$lBLL01$h0253
=CAT  \\$aW1711-1225$c20171203$lBLL01$h1027
=FIN  \\$aY$d20070917
=FMT  \\$a  BK
=LAS  \\$aW1711-1225$b00$c20171203$lBLL01$h1027
=STA  \\$aSUPPRESSED$bunable to determine reason for suppression

