=LDR  01638 am a2200445 a 4500
=001  014340117
=003  Uk
=005  20071126093409.0
=006  m\\\\|\\\d\|\\\\\\
=007  cr||||||||||||
=008  071113s2007\\\\stk||||\s||||o00|\0\eng\\
=015  \\$aGBA796396$2bnb
=020  \\$a9780755968336 :$cNo price
=040  \\$aUk$beng$cUk
=042  \\$aukblsr
=082  04$a507.4411$222
=245  00$aScotland's science centres$h[electronic resource] :$bimpacts and future interventions /$cHalcrow Group Limited.
=260  \\$a[Edinburgh] :$bScottish Government Social Research,$c2007.
=336  \\$atext$2rdacontent
=337  \\$acomputer$2rdamedia
=338  \\$aonline resource$2rdacarrier
=500  \\$aTitle from PDF title page (viewed on 26 Nov., 2007).
=516  \\$aPDF format.
=530  \\$aAlso in HTML format.
=538  \\$aMode of access: World Wide Web.
=538  \\$aSystem requirements: Adobe Acrobat Reader.
=650  \0$aScience museums$xGovernment policy$zScotland.
=650  \0$aScience and state$zScotland.
=710  1\$aScotland.$bSocial Research.
=710  2\$aHalcrow Group Limited.
=856  40$uhttp://www.scottishexecutive.gov.uk/Resource/Doc/202202/0053911.pdf
=856  40$ahttp://www.scottishexecutive.gov.uk/Publications/2007/11/02154710/0
=CAT  \\$a7750$b40$c20071113$lBLL01$h0918
=CAT  \\$a7750$b40$c20071113$lBLL01$h0919
=CAT  \\$a8141$b40$c20071126$lBLL01$h0934
=CAT  \\$aW1711-1225$c20171203$lBLL01$h1028
=FIN  \\$aY$d20071126
=FMT  \\$a  BK
=LAS  \\$aW1711-1225$b00$c20171203$lBLL01$h1028
=STA  \\$aSUPPRESSED$bunable to determine reason for suppression

