=LDR  01555 am a2200433 a 4500
=001  014340320
=003  Uk
=005  20071217092947.0
=006  m\\\\|\\\d\|\\\\\\
=007  cr||||||||||||
=008  071113s2007\\\\stk||||\s||||o00|\0\eng\\
=015  \\$aGBA7A3103$2bnb
=020  \\$a9780755916023 :$cNo price
=040  \\$aUk$beng$cUk
=042  \\$aukblsr
=082  04$a338.1309411$222
=110  2\$aLaurence Gould Partnership Ltd.
=245  10$aOrganic enterprise cost study$h[electronic resource] /$cLaurence Gould Partnership Ltd.
=260  \\$a[Edinburgh :$bScottish Government],$c2007.
=336  \\$atext$2rdacontent
=337  \\$acomputer$2rdamedia
=338  \\$aonline resource$2rdacarrier
=500  \\$aTitle from PDF title page (viewed on 17 Dec., 2007).
=500  \\$a"May 2007."
=516  \\$aPDF format.
=530  \\$aAlso issued in HTML format.
=538  \\$aMode of access: World Wide Web.
=538  \\$aSystem requirements: Adobe Acrobat Reader.
=650  \0$aOrganic farming$xEconomic aspects$zScotland.
=710  1\$aScotland.$bScottish Government.
=856  40$uhttp://www.scottishexecutive.gov.uk/Resource/Doc/202759/0054070.pdf
=856  40$ahttp://www.scottishexecutive.gov.uk/Publications/2007/11/09141233/0
=CAT  \\$a7750$b40$c20071113$lBLL01$h1111
=CAT  \\$a8141$b40$c20071217$lBLL01$h0929
=CAT  \\$aW1711-1225$c20171203$lBLL01$h1028
=FIN  \\$aY$d20071217
=FMT  \\$a  BK
=LAS  \\$aW1711-1225$b00$c20171203$lBLL01$h1028
=STA  \\$aSUPPRESSED$bunable to determine reason for suppression

