=LDR  01652 am a2200457 a 4500
=001  014406110
=003  Uk
=005  20080107154228.0
=006  m\\\\|\\\d\|\\\\\\
=007  cr||||||||||||
=008  071119s2007\\\\stk||||\s||||o00|\0\eng\\
=FMT  \\$a  BK
=015  \\$aGBA803622$2bnb
=020  \\$a9780755916047 :$cNo price
=040  \\$aUk$beng$cUk
=042  \\$aukblsr
=082  04$a362.2909411$222
=245  00$aNational quality standards for substance misuse services$h[electronic resource] :$bgood practice guide to service user involvement.
=260  \\$a[Edinburgh :$bScottish Government,$c2007]
=336  \\$atext$2rdacontent
=337  \\$acomputer$2rdamedia
=338  \\$aonline resource$2rdacarrier
=538  \\$aMode of access: World Wide Web.
=538  \\$aSystem requirements: Adobe Acrobat Reader.
=500  \\$aTitle from PDF cover (viewed on 7 Jan, 2008).
=516  \\$aPDF format.
=530  \\$aAlso in HTML format.
=500  \\$a"Healthier Scotland."
=500  \\$a"Safer Scotland."
=650  \0$aSubstance abuse$zScotland.
=650  \0$aSubstance abuse$xTreatment$zScotland.
=650  \0$aDrug abusers$xServices for$zScotland.
=710  1\$aScotland.$bScottish Government.
=856  40$uhttp://www.scotland.gov.uk/Resource/Doc/202522/0054004.pdf
=856  40$ahttp://www.scotland.gov.uk/Publications/2007/11/08092322/0
=CAT  \\$a7750$b40$c20071119$lBLL01$h1551
=CAT  \\$a8141$b40$c20080107$lBLL01$h1542
=CAT  \\$aW1711-1225$c20171203$lBLL01$h1028
=FIN  \\$aY$d20080107
=STA  \\$aSUPPRESSED$bunable to determine reason for suppression
=LAS  \\$aW1711-1225$b00$c20171203$lBLL01$h1028

