=LDR  01895 am a2200505 a 4500
=001  014462932
=003  Uk
=005  20080104161301.0
=006  m\\\\|\\\d\|\\\\\\
=007  cr||||||||||||
=008  071204s2007\\\\stk||||\s||||o00|\0\eng\\
=FMT  \\$a  BK
=015  \\$aGBA803504$2bnb
=020  \\$a9780755968602 :$cNo price
=040  \\$aUk$beng$cUk
=042  \\$aukblsr
=082  04$a610.69509411$222
=100  1\$aPatterson, Fiona.
=245  10$aReview of the appointment process for consultant recruitment in Scotland$h[electronic resource] :$bexecutive summary /$cFionna Patterson, Maura Kerrin, Geraldine Gatto-Roissard.
=260  \\$a[Edinburgh :$bScottish Government],$c2007.
=336  \\$atext$2rdacontent
=337  \\$acomputer$2rdamedia
=338  \\$aonline resource$2rdacarrier
=538  \\$aMode of access: World Wide Web.
=538  \\$aSystem requirements: Adobe Acrobat Reader.
=500  \\$aTitle from PDF title page (viewed on 4 Jan., 2008).
=516  \\$aPDF format.
=530  \\$aAlso in HTML format.
=500  \\$a"September 2007."
=610  20$aNational Health Service in Scotland$xEmployees.
=650  \0$aMedical consultants$xRecruiting$zScotland.
=650  \0$aEmployee retention$zScotland.
=700  1\$aKerrin, Maura.
=700  1\$aGatto-Roissard, Geraldine.
=710  1\$aScotland.$bScottish Government.
=856  40$uhttp://openscotland.gov.uk/Resource/Doc/203796/0054344.pdf
=856  40$ahttp://openscotland.gov.uk/Publications/2007/11/19142728/0
=CAT  \\$a7750$b40$c20071204$lBLL01$h0925
=CAT  \\$a8141$b40$c20080104$lBLL01$h1613
=CAT  \\$aBATCH-UPD$b40$c20130321$lBLL01$h2239
=CAT  \\$aWR14_014$c20140224$lBLL01$h0839
=CAT  \\$aW1711-1225$c20171203$lBLL01$h1028
=FIN  \\$aY$d20080104
=STA  \\$aSUPPRESSED$bunable to determine reason for suppression
=LAS  \\$aW1711-1225$b00$c20171203$lBLL01$h1028

