=LDR  02155 am a2200493 a 4500
=001  014588048
=003  Uk
=005  20111118155220.0
=006  m\\\\|\\\d\|\\\\\\
=007  cr||||||||||||
=008  080414s2008\\\\stk||||\s\\\\o00|\0\eng\\
=FMT  \\$a  BK
=015  \\$aGBA879411$2bnb
=020  \\$a9780755970452 :$cNo price
=040  \\$aUk$beng$cUk
=042  \\$aukblsr
=082  04$a613.042309411$222
=245  00$aWell men health service pilots evaluation$h[electronic resource] /$cFlora Douglas ... [et al.].
=260  \\$a[Edinburgh] :$bScottish Government Social Research,$c2008.
=300  \\$a5 p. :$bdigital, PDF file.
=336  \\$atext$2rdacontent
=337  \\$acomputer$2rdamedia
=338  \\$aonline resource$2rdacarrier
=490  1\$aResearch findings ;$vno. 62/2008
=538  \\$aMode of access: World Wide Web.
=538  \\$aSystem requirements: Adobe Acrobat Reader.
=500  \\$aTitle from p.1 of PDF file (viewed on 19 June, 2008).
=520  \\$a"An evaluation of the individual and overall impact of 18 well men pilots across 7 Health Boards in Scotland, and their effectiveness in contributing to meeting the health improvement policy objectives of the Men's Health Strategy." - Scottish Government website (Publications).
=530  \\$aAlso issued in print format; also in HTML format.
=650  \0$aMen$xHealth and hygiene$zScotland.
=650  \0$aPreventive health services$zScotland$xEvaluation.
=700  1\$aDouglas, Flora.
=710  1\$aScotland.$bSocial Research.
=710  1\$aScotland.$bHealth and Community Care Research Programme.
=830  \0$aResearch findings (Scotland. Social Research) ;$vno. 62/2008.
=856  40$uhttp://www.scotland.gov.uk/Resource/Doc/217827/0058328.pdf
=856  40$ahttp://www.scotland.gov.uk/Publications/2008/04/01091605/0
=CAT  \\$a7750$b40$c20080414$lBLL01$h1413
=CAT  \\$a8141$b40$c20080619$lBLL01$h1149
=CAT  \\$a10982$b40$c20111118$lBLL01$h1552
=CAT  \\$aW1711-1225$c20171203$lBLL01$h1029
=FIN  \\$aY$d20080619
=STA  \\$aSUPPRESSED$bunable to determine reason for suppression
=LAS  \\$aW1711-1225$b00$c20171203$lBLL01$h1029

