=LDR  01789 am a2200481 a 4500
=001  014615667
=003  Uk
=005  20080814141949.0
=006  m\\\\|\\\d\|\\\\\\
=007  cr||||||||||||
=008  080514s2008\\\\stk||||\s\\\\o00|\0\eng\\
=FMT  \\$a  BK
=015  \\$aGBA899842$2bnb
=020  \\$a9780755957507 :$cNo price
=040  \\$aUk$beng$cUk
=042  \\$aukblsr
=082  04$a363.2209411$222
=245  00$aThematic inspection$h[electronic resource] :$bproductivity of police officers.
=246  30$aProductivity of police officers
=246  17$aHMICS thematic inspection productivity of police officers
=260  \\$aEdinburgh :$bHMICS,$c2008.
=300  \\$a45 p. :$bdigital, PDF file.
=336  \\$atext$2rdacontent
=337  \\$acomputer$2rdamedia
=338  \\$aonline resource$2rdacarrier
=538  \\$aMode of access: World Wide Web.
=538  \\$aSystem requirements: Adobe Acrobat Reader.
=500  \\$aTitle from p.1 of PDF file (viewed on Aug. 14, 2008).
=530  \\$aAlso in HTML format.
=650  \0$aPolice$zScotland$xEvaluation.
=650  \0$aPolice$zScotland$xPersonnel management$xEvaluation.
=710  2\$aHM Inspectorate of Constabulary for Scotland.
=710  1\$aScotland.$bScottish Government.
=856  40$uhttp://www.scotland.gov.uk/Resource/Doc/221579/0059564.pdf
=856  40$ahttp://www.scotland.gov.uk/Publications/2008/04/29142805/0
=CAT  \\$a7750$b40$c20080514$lBLL01$h0919
=CAT  \\$a8141$b40$c20080814$lBLL01$h1419
=CAT  \\$aBATCH-UPD$b40$c20090626$lBLL01$h1632
=CAT  \\$aBATCH-UPD$b40$c20100705$lBLL01$h1602
=CAT  \\$aW1711-1225$c20171203$lBLL01$h1029
=FIN  \\$aY$d20080814
=STA  \\$aSUPPRESSED$bunable to determine reason for suppression
=LAS  \\$aW1711-1225$b00$c20171203$lBLL01$h1029

