=LDR  02068 am a2200481 a 4500
=001  014615836
=003  Uk
=005  20080815094639.0
=006  m\\\\|\\\d\|\\\\\\
=007  cr||||||||||||
=008  080514s2008\\\\enk||||\sb\\\\00|\0\eng\\
=FMT  \\$a  BK
=015  \\$aGBA899882$2bnb
=020  \\$cNo price
=040  \\$aUk$beng$cUk
=042  \\$aukblsr
=082  04$a331.2164015195$222
=100  1\$aYu, Zhihong.
=245  10$aOpenness, managerial incentives and heterogeneous firms$h[electronic resource] /$cZhihong Yu.
=260  \\$a[Nottingham] :$bUniversity of Nottingham,$c[2008]
=300  \\$a55 p. :$bdigital, PDF file.
=336  \\$atext$2rdacontent
=337  \\$acomputer$2rdamedia
=338  \\$aonline resource$2rdacarrier
=490  1\$aResearch paper series. Globalisation, productivity and technology ;$v2008/17
=538  \\$aMode of access: World Wide Web.
=538  \\$aSystem requirements: Adobe Acrobat Reader.
=500  \\$aTitle from p.1 of PDF file (viewed on Aug. 15, 2008).
=504  \\$aIncludes bibliographical references.
=650  \0$aIncentive awards$xEconometric models.
=650  \0$aExecutives$xSalaries, etc.
=650  \0$aEquilibrium (Economics)$xEconometric models.
=710  2\$aLeverhulme Centre for Research on Globalisation and Economic Policy (University of Nottingham)
=830  \0$aResearch paper series (Leverhulme Centre for Research on Globalisation and Economic Policy. University of Nottingham).$pGlobalisation, productivity and technology ;$v2008/17.
=856  40$uhttp://www.nottingham.ac.uk/shared/shared_levpublications/Research_Papers/2008/2008_17.pdf
=856  40$ahttp://www.nottingham.ac.uk/leverhulme/publications/Papers/2008/2008_17.php$zAbstract
=CAT  \\$a10902$b40$c20080514$lBLL01$h1118
=CAT  \\$a10902$b40$c20080514$lBLL01$h1119
=CAT  \\$a8141$b40$c20080815$lBLL01$h0946
=CAT  \\$aW1711-1225$c20171203$lBLL01$h1029
=FIN  \\$aY$d20080815
=STA  \\$aSUPPRESSED$bunable to determine reason for suppression
=LAS  \\$aW1711-1225$b00$c20171203$lBLL01$h1029

