=LDR  01985 am a2200493 a 4500
=001  014895400
=003  Uk
=005  20090331140838.0
=006  m\\\\|\\\d\|\\\\\\
=007  cr||||||||||||
=008  090204s2009\\\\stk||||\s\\\\o000\0\eng\\
=FMT  \\$a  BK
=015  \\$aGBA932621$2bnb
=020  \\$a9780755919314 :$cNo price
=040  \\$aUk$beng$cUk
=042  \\$aukblsr
=082  04$a362.108309411$222
=245  00$aBetter health, better care$h[electronic resource] :$bconsultation on the national delivery plan for children and young people's specialist services : executive summary /$cRocket Science Ltd.
=246  30$aConsultation on the national delivery plan for children and young people's specialist services : executive summary
=260  \\$a[Edinburgh] :$bScottish Government Social Research,$cc2009.
=300  \\$a10 p. :$bdigital, PDF file.
=336  \\$atext$2rdacontent
=337  \\$acomputer$2rdamedia
=338  \\$aonline resource$2rdacarrier
=538  \\$aMode of access: World Wide Web.
=538  \\$aSystem requirements: Adobe Acrobat Reader.
=500  \\$aTitle from PDF title page (viewed on Mar. 31, 2009).
=530  \\$aAlso in HTML format.
=650  \0$aChild health services$zScotland.
=650  \0$aYouth$xMedical care$zScotland.
=650  \0$aHealth planning$zScotland.
=710  1\$aScotland.$bSocial Research.
=710  2\$aRocket Science UK Ltd.
=710  2\$aNational Health Service in Scotland.
=856  40$uhttp://www.scotland.gov.uk/Resource/Doc/257311/0076390.pdf
=856  40$ahttp://www.scotland.gov.uk/Publications/2009/01/16113954/0
=CAT  \\$a7750$b40$c20090204$lBLL01$h1056
=CAT  \\$a7750$b40$c20090204$lBLL01$h1057
=CAT  \\$a8141$b40$c20090331$lBLL01$h1402
=CAT  \\$a8141$b40$c20090331$lBLL01$h1408
=CAT  \\$aW1711-1225$c20171203$lBLL01$h1032
=FIN  \\$aY$d20090331
=STA  \\$aSUPPRESSED$bunable to determine reason for suppression
=LAS  \\$aW1711-1225$b00$c20171203$lBLL01$h1032

